@article{sansen_1990,
    author = {Sansen, W.M.C. and Chang, Z.Y.},
    journal = {IEEE Transactions on Circuits and Systems}, 
    title = {{Limits of low noise performance of detector readout front ends in CMOS technology}}, 
    year = {1990},
    volume = {37},
    number = {11},
    pages = {1375-1382},
    doi = {10.1109/31.62412}
}

@article{razavi_2023,
    author = {Razavi, Behzad},
    journal = {IEEE Solid-State Circuits Magazine}, 
    title = {{The Design of a Transimpedance Amplifier [The Analog Mind]}}, 
    year = {2023},
    volume = {15},
    number = {1},
    pages = {7-11},
    doi = {10.1109/MSSC.2022.3219682}
}

@article{razavi_2019,
    author = {Razavi, Behzad},
    journal = {IEEE Solid-State Circuits Magazine}, 
    title = {{The Transimpedance Amplifier [A Circuit for All Seasons]}}, 
    year = {2019},
    volume = {11},
    number = {1},
    pages = {10-97},
    doi = {10.1109/MSSC.2018.2881860}
}

@inproceedings{razavi_2000,
    author = {Razavi, B.},
    booktitle = {2000 IEEE International Solid-State Circuits Conference. Digest of Technical Papers (Cat. No.00CH37056)}, 
    title = {{A $\sis{622}{\mega\bit\per\second}$ $\sis{4.5}{\pico\ampere\per\sqrt{\hertz}}$ CMOS transimpedance amplifier [for optical receiver front-end]}}, 
    year = {2000},
    volume = {},
    number = {},
    pages = {162-163},
    doi = {10.1109/ISSCC.2000.839732}
}
